<?xml version="1.0" encoding="UTF-8"?><collection xmlns="http://www.loc.gov/MARC21/slim"><record><leader>00588nam--2200205-i-4500</leader><controlfield tag="001">000014752</controlfield><controlfield tag="002">20161230</controlfield><controlfield tag="005">20161230201031</controlfield><controlfield tag="008">060222s1000------------r-----000-0-rum-d</controlfield><datafield ind1=" " ind2=" " tag="040"><subfield code="a">IFIN-HH</subfield></datafield><datafield ind1=" " ind2=" " tag="041"><subfield code="a">rum</subfield></datafield><datafield ind1=" " ind2=" " tag="080"><subfield code="a">539(075.8)</subfield></datafield><datafield ind1="1" ind2=" " tag="100"><subfield code="a">Barbulescu,</subfield></datafield><datafield ind1="1" ind2="0" tag="245"><subfield code="a">Fizica vol. i</subfield><subfield code="c">N. barbulescu, r. titeica, d. barca-galateanu, i. spinulescu, l. georgescu</subfield></datafield><datafield ind1=" " ind2=" " tag="250"><subfield code="a">Editia A Ii-a Revizuita Si Completata</subfield></datafield><datafield ind1=" " ind2=" " tag="260"><subfield code="a">Bucuresti</subfield><subfield code="b">Editura Didactica Si Pedagogica</subfield><subfield code="c">1972</subfield></datafield><datafield ind1=" " ind2=" " tag="300"><subfield code="a">605 P</subfield></datafield><datafield ind1="1" ind2=" " tag="700"><subfield code="a">Georgescu, L</subfield></datafield><datafield ind1=" " ind2=" " tag="852"><subfield code="a">75295</subfield><subfield code="c">53</subfield></datafield><datafield ind1=" " ind2=" " tag="CAT"><subfield code="a">Sys</subfield><subfield code="c">20150811</subfield><subfield code="h">154649</subfield></datafield></record></collection>